@miscellaneous{KidsPL,
   note="http://www.kidspl.de/"
}

@Book{            Hardy2008Plf,
  author        = {Dirk Hardy},
  title         = {Programmieren lernen f\"ur Kinder - Eine verst\"andliche Einf\"uhrung - Geeignet f\"ur Kinder ab der 3. Klasse},
  publisher     = {Markt und Technik},
  year          = {2008},
}

@Book{            Ries1522Rad,
  author        = {Adam Ries},
  title         = {Rechenung auff der Linihen und Federn},
  publisher     = {},
  year          = {1522},
  address       = {Annaberg},
}

