 @article{paper_seal2, title={Design Concept of the Electronic Optical Sealing System EOSS}, author={Richter, B. and Neumann, G. and Lange, S. and Goldfarb, M. and Tzolov, R. and Mackowiak, R. and Schoop, K.}} 
 
 @article{paper_seal1, title={DEVELOPMENT AND EVALUATION  OF NEW ELECTRONIC SEALS AT THE IAEA}, author={Tzolov, Roumen and Goldfarb, Michael and Pénot, Laurent}} 
 
 @misc{koeble, url={http://publica.fraunhofer.de/dokumente/N-26158.html}, title={Evaluation of the IAEA-Euratom nuclear radiation test procedures version 2.0 applied to the Electronic Optical Sealing System EOSS and evaluation of EOSS test results}, author={Köble, T.}} 
 
 @misc{richter, url={https://esarda.jrc.ec.europa.eu/index.php?option=com_content&amp;view=article&amp;id=157%3Avacoss&amp;catid=68&amp;Itemid=267}, title={VACOSS}, author={Richter, B.}} 
