@ARTICLE{TheQuestforAI,
  author = {Nils J. Nilsson},
  title = {The Quest for Artificial Intelligence. A History of Ideas and Achievements},
  journal = {Cambridge University Press},
  year = {2009}
}
@ARTICLE{TuringTest,
  author = {Alan Turing},
  title = {Computing Machinery and Intelligence},
  journal = {Mind},
  year = {1950}
}
@MISC{wiki:Turing_Test,
  author = "{Wikipedia contributors}",
  title = "Turing test --- {Wikipedia}{,} The Free Encyclopedia",
  year = "2020",
  howpublished = "\url{https://en.wikipedia.org/w/index.php?title=Turing_test&oldid=954567508}",
  note = "[Online; accessed 11-May-2020]"
}

@MISC{DPARTIS,
  author = " 	Chen, Xiaoqiong, Hebei, Baoding, CN ; Wang, Long Huai, New Taipei City, TW",
  title = "[DE] KI-Modul f채hig zur Selbstkorrektur unter Zuhilfenahme von Daten und statistischen Operationen ",
  year = "2020",
  howpublished = "\url{https://register.dpma.de/DPMAregister/pat/register?AKZ=2020191072318}",
}

@MISC{KI_DPMA,
  author = " Deutsches Patent- und Markenamt",
  title = "K체nstliche Intelligenz und Schutzrechte",
  year = "2020",
  howpublished = "\url{https://www.dpma.de/dpma/veroeffentlichungen/hintergrund/ki/kuenstlicheintelligenzundschutzrechte/index.html}",
}

@MISC{KI_Tagung_DPMA,
  author = " Deutsches Patent- und Markenamt",
  title = "Tagung zu KI und Schutzrechten: Wie l채sst sich Zukunftstechnik sch체tzen?",
  year = "2020",
  howpublished = "\url{https://www.dpma.de/dpma/veroeffentlichungen/hintergrund/ki/kki-tagung/index.html}",
}
