 @book{illingworth_1962, title={The Cuban Missile Crisis}, url={https://www.hullcollegiateschool.co.uk/content/source-analysis-on-a-cuban-missile-crisis-cartoon-by-year-10-raeesa-5427602150026078}, journal={Source Analysis on a Cuban Missile Crisis Cartoon by Year 10 Raeesa}, author={Illingworth, Leslie Gilbert}, year={1962}} 
 @misc{castella_2012, title={How did we forget about mutually assured destruction?}, url={https://www.bbc.com/news/magazine-17026538}, journal={BBC News}, publisher={BBC}, author={Castella, Tom de}, year={2012}, month={Feb}} 
 @misc{street_2019, title={Mutually Assured Destruction: When The Only Winning Move is Not to Play}, url={https://fs.blog/2017/06/mutually-assured-destruction/}, journal={Farnam Street}, year={2019}, month={Nov}} 
 @misc{maps_2020, url={https://www.google.de/maps/@42.9800229,129.5295065,7.25z}, journal={Google Maps}, publisher={Google}, year={2020}, title={Google Maps}} 
 @misc{parrington_1997, title={Arcived Copy of "Mutually Assured Destruction Revisited "}, url={https://web.archive.org/web/20150620055606/http://www.airpower.maxwell.af.mil/airchronicles/apj/apj97/win97/parrin.html}, journal={Mutually Assured Destruction Revisited}, author={PARRINGTON, COL ALAN J.}, year={1997}} 
